<record><leader>00000cas a22000007a 4500</leader><controlfield tag="001">20414592</controlfield><controlfield tag="008">890929d19631963lauwr ne      0    0eng d</controlfield><datafield ind1=" " ind2=" " tag="010"><subfield code="a">sn 89059388 </subfield></datafield><datafield ind1=" " ind2=" " tag="040"><subfield code="a">LNP</subfield><subfield code="b">eng</subfield><subfield code="c">LNP</subfield><subfield code="d">OCLCQ</subfield></datafield><datafield ind1=" " ind2=" " tag="042"><subfield code="a">msc</subfield></datafield><datafield ind1="0" ind2=" " tag="130"><subfield code="a">Guide (Lafayette, La. : 1963)</subfield></datafield><datafield ind1="1" ind2="4" tag="245"><subfield code="a">The guide.</subfield></datafield><datafield ind1=" " ind2=" " tag="260"><subfield code="a">Lafayette, La. :</subfield><subfield code="b">F.W. Miller</subfield></datafield><datafield ind1=" " ind2=" " tag="300"><subfield code="a">v.</subfield></datafield><datafield ind1=" " ind2=" " tag="310"><subfield code="a">Weekly</subfield></datafield><datafield ind1="0" ind2=" " tag="362"><subfield code="a">Vol. 1, no. 38 (Feb. 7, 1963)-v. 1, no. 39 (Feb. 14, 1963).</subfield></datafield><datafield ind1=" " ind2=" " tag="752"><subfield code="a">United States</subfield><subfield code="b">Louisiana</subfield><subfield code="c">Lafayette</subfield><subfield code="d">Lafayette.</subfield></datafield><datafield ind1="0" ind2="0" tag="780"><subfield code="t">Southside guide</subfield><subfield code="w">(DLC)sn 89059390</subfield></datafield><datafield ind1="0" ind2="0" tag="785"><subfield code="t">Lafayette guide</subfield><subfield code="w">(DLC)sn 89059389</subfield></datafield></record>